@article{kite,
  author =       "",
  title =        "Feature demultiplexing for single-cell genomics assays",
  journal =      "",
  year =         "in preparation",
  DOI =          ""
}

@article{kb,
  author =       "",
  title =        "Modular and efficient pre-processing of single-cell RNA-seq",
  journal =      "",
  year =         "in preparation",
  DOI =          ""
}
